<?xml version="1.0" encoding="UTF-8"?><collection xmlns="http://www.loc.gov/MARC21/slim"><record><leader>00465nam--2200169-i-4500</leader><controlfield tag="001">000047740</controlfield><controlfield tag="002">20161230</controlfield><controlfield tag="005">20170116001101</controlfield><controlfield tag="008">060222s1000------------r-----000-0-eng-d</controlfield><datafield ind1=" " ind2=" " tag="080"><subfield code="a">621.375.826:</subfield></datafield><datafield ind1=" " ind2=" " tag="100"><subfield code="a">Wolbarsht, Myron</subfield></datafield><datafield ind1=" " ind2=" " tag="245"><subfield code="a">Safety with lasers and other optical sources. A comprehensive handbook</subfield></datafield><datafield ind1=" " ind2=" " tag="260"><subfield code="a">New York</subfield><subfield code="b">Plenum Press</subfield><subfield code="c">1980</subfield></datafield><datafield ind1=" " ind2=" " tag="300"><subfield code="a">XXVIII+1035 p</subfield></datafield><datafield ind1=" " ind2=" " tag="700"><subfield code="a">Sliney, David H</subfield></datafield><datafield ind1=" " ind2=" " tag="852"><subfield code="a">49213</subfield></datafield><datafield ind1=" " ind2=" " tag="CAT"><subfield code="a">SYS</subfield><subfield code="c">20170116</subfield><subfield code="h">001101</subfield></datafield></record></collection>